@article{Boutilier2006,
	author = "Boutilier, C. and Patrascu, R. and Poupart, P. and Schuurmans, D.",
	journal = "Artifical Intelligence",
	keywords = "COGS",
	number = "8--9",
	pages = "686--713",
	title = "{Constraint-based Optimization and Utility Elicitation using the Minimax Decision Criterion}",
	volume = 170,
	year = "2006"
}

@inproceedings{Lu2011,
  author    = {Tyler Lu and
               Craig Boutilier},
  title     = {Robust Approximation and Incremental Elicitation in Voting Protocols},
  booktitle = {Proceedings of {IJCAI} 2011},
  pages     = {287--293},
  year      = {2011}
}

@article{Stein1994,
title = "A stochastic dominance analysis of ranked voting systems with scoring",
journal = "European Journal of Operational Research",
volume = "74",
number = "1",
pages = "78 - 85",
year = "1994",
issn = "0377-2217",
doi = "https://doi.org/10.1016/0377-2217(94)90205-4",
url = "http://www.sciencedirect.com/science/article/pii/0377221794902054",
author = "William E. Stein and Philip J. Mizzi and Roger C. Pfaffenberger",
keywords = "Decision-making, Stochastic dominance, Preference analysis, Sports"
}

@inproceedings{Viappiani2018,
  author    = {Paolo Viappiani},
  title     = {Positional Scoring Rules with Uncertain Weights},
  booktitle = {Scalable Uncertainty Management - 12th International Conference, {SUM}
               2018, Milan, Italy, October 3-5, 2018, Proceedings},
  pages     = {306--320},
  year      = {2018}
}
